@misc{noauthor_introduction_nodate,
	title = {An {Introduction} to {Seaborn} — {Seaborn} 0.13.2 {Documentation}},
	url = {https://seaborn.pydata.org/tutorial/introduction.html},
	urldate = {2025-03-17},
	keywords = {seaborn\_tutorial},
}

@misc{noauthor_numpy_nodate,
	title = {{NumPy} {Documentation}},
	url = {https://numpy.org/doc/},
	urldate = {2025-03-17},
	keywords = {numpy\_doc},
}

@misc{noauthor_pandas_nodate,
	title = {Pandas {Documentation} — {Pandas} 2.2.3 {Documentation}},
	url = {https://pandas.pydata.org/docs/},
	urldate = {2025-03-17},
	keywords = {pandas\_doc},
}

@misc{noauthor_student_nodate,
	title = {Student {Performance} \& {Behavior} {Dataset}},
	url = {https://www.kaggle.com/datasets/mahmoudelhemaly/students-grading-dataset},
	abstract = {Students Grading Analysis},
	urldate = {2025-03-18},
	keywords = {dataset},
}

@article{nelson_impact_nodate,
	title = {{IMPACT} {OF} {PARENT} {EDUCATION} {ON} {STUDENT} {SUCCESS}},
	language = {en},
	author = {Nelson, Julie K},
	keywords = {parent\_educational\_level},
	file = {PDF:/home/njoku/Zotero/storage/4V86G8XL/Nelson - IMPACT OF PARENT EDUCATION ON STUDENT SUCCESS.pdf:application/pdf},
}

@misc{chip_types_2023,
	title = {Types of {EDA}: {Univariate}, {Bivariate}, and {Multivariate} {Analysis}},
	shorttitle = {Types of {EDA}},
	url = {https://www.quanthub.com/what-are-types-of-eda/},
	abstract = {Explore the different types of exploratory data analysis (EDA) and their applications. Our guide covers univariate, bivariate, and multivariate analysis techniques.},
	language = {en-US},
	urldate = {2025-04-15},
	author = {Chip},
	month = feb,
	year = {2023},
	file = {Snapshot:/home/njoku/Zotero/storage/CKLZKHT6/what-are-types-of-eda.html:text/html},
}
